<?xml version="1.0" encoding="UTF-8"?><collection xmlns="http://www.loc.gov/MARC21/slim"><record><leader>00581nam--2200181-i-4500</leader><controlfield tag="001">000024796</controlfield><controlfield tag="002">20161230</controlfield><controlfield tag="005">20161230201035</controlfield><controlfield tag="008">060222s1000------------r-----000-0-ger-d</controlfield><datafield ind1=" " ind2=" " tag="040"><subfield code="a">IFIN-HH</subfield></datafield><datafield ind1=" " ind2=" " tag="041"><subfield code="a">ger</subfield></datafield><datafield ind1=" " ind2=" " tag="080"><subfield code="a">538.971(043)</subfield></datafield><datafield ind1="1" ind2=" " tag="100"><subfield code="a">Hunermann, Michael</subfield></datafield><datafield ind1="1" ind2="0" tag="245"><subfield code="a">Lichtstreung an sb-und bi-schichten auf iii-v-halbleitern: struktur und morphologie im monolagenbereich</subfield><subfield code="b">Dissertation</subfield><subfield code="c">Michael hunermann</subfield></datafield><datafield ind1=" " ind2=" " tag="260"><subfield code="a">Aachen</subfield><subfield code="b">Rheinisch-westfalischen Technischen Hochschule</subfield><subfield code="c">1990</subfield></datafield><datafield ind1=" " ind2=" " tag="300"><subfield code="a">148 P</subfield></datafield><datafield ind1=" " ind2=" " tag="852"><subfield code="a">79599</subfield><subfield code="c">537.311.33</subfield></datafield><datafield ind1=" " ind2=" " tag="CAT"><subfield code="a">Sys</subfield><subfield code="c">20110802</subfield><subfield code="h">160704</subfield></datafield></record></collection>